<?xml version="1.0" encoding="UTF-8"?><record xmlns="http://www.loc.gov/MARC21/slim">
    <leader>00000cam a2200000Mi 4500</leader>
    <controlfield tag="001">1003999218</controlfield>
    <controlfield tag="008">170908s2011    enk    go     000 0 eng d</controlfield>
    <datafield ind1=" " ind2=" " tag="020">
      <subfield code="a">014196961X</subfield>
      <subfield code="q">(EPUB)</subfield>
    </datafield>
    <datafield ind1=" " ind2=" " tag="020">
      <subfield code="a">9780141969619</subfield>
      <subfield code="q">(EPUB)</subfield>
    </datafield>
    <datafield ind1="1" ind2=" " tag="100">
      <subfield code="a">Deutsch, David.</subfield>
    </datafield>
    <datafield ind1="1" ind2="4" tag="245">
      <subfield code="a">The fabric of reality /</subfield>
      <subfield code="c">David Deutsch.</subfield>
    </datafield>
    <datafield ind1=" " ind2="1" tag="264">
      <subfield code="a">London :</subfield>
      <subfield code="b">Penguin,</subfield>
      <subfield code="c">2011.</subfield>
    </datafield>
    <datafield ind1=" " ind2=" " tag="300">
      <subfield code="a">1 online resource (400 pages)</subfield>
    </datafield>
    <datafield ind1="0" ind2=" " tag="505">
      <subfield code="a">1. The Theory of Everything -- 2. Shadows -- 3. Problem-solving -- 4. Criteria for Reality -- 5. Virtual Reality -- 6. Universality and the Limits of Computation -- 7. A Conversation About Justification -- 8. The Significance of Life -- 9. Quantum Computers -- 10. The Nature of Mathematics -- 11. Time: The First Quantum Concept -- 12. Time Travel -- 13. The Four Strands -- 14. The Ends of the Universe.</subfield>
    </datafield>
    <datafield ind1=" " ind2="0" tag="650">
      <subfield code="a">Science</subfield>
      <subfield code="x">Philosophy.</subfield>
    </datafield>
    <datafield ind1=" " ind2="7" tag="650">
      <subfield code="a">PHILOSOPHY</subfield>
      <subfield code="x">Epistemology.</subfield>
      <subfield code="2">bisacsh</subfield>
    </datafield>
    <datafield ind1=" " ind2="7" tag="650">
      <subfield code="a">Philosophy: Epistemology &amp; Theory Of Knowledge.</subfield>
      <subfield code="2">bicssc</subfield>
    </datafield>
    <datafield ind1=" " ind2="7" tag="650">
      <subfield code="a">SCIENCE</subfield>
      <subfield code="x">Physics</subfield>
      <subfield code="x">Quantum Theory.</subfield>
      <subfield code="2">bisacsh</subfield>
    </datafield>
    <datafield ind1=" " ind2="7" tag="650">
      <subfield code="a">Science</subfield>
      <subfield code="x">Philosophy.</subfield>
      <subfield code="2">fast</subfield>
      <subfield code="0">(OCoLC)fst01108336</subfield>
    </datafield>
    <datafield ind1="1" ind2="7" tag="650">
      <subfield code="a">Werkelijkheid.</subfield>
      <subfield code="2">gtt</subfield>
    </datafield>
    <datafield ind1="4" ind2="0" tag="856">
      <subfield code="u">https://nls.ldls.org.uk/welcome.html?ark:/81055/vdc_100048487759.0x000001</subfield>
      <subfield code="z">View item</subfield>
    </datafield>
  </record>